@article{Berry1984,
  title={Quantal phase factors accompanying adiabatic changes},
  author={Berry, Michael V},
  journal={Proceedings of the Royal Society of London. A. Mathematical and Physical Sciences},
  volume={392},
  number={1802},
  pages={45--57},
  year={1984},
  publisher={The Royal Society London}
}

@book{Sakurai2017,
  title={Modern quantum mechanics},
  author={Sakurai, Jun John and Napolitano, Jim},
  year={2017},
  publisher={Cambridge University Press}
}

@article{Xiao2010,
  title={Berry phase effects on electronic properties},
  author={Xiao, Di and Chang, Ming-Che and Niu, Qian},
  journal={Reviews of Modern Physics},
  volume={82},
  number={3},
  pages={1959},
  year={2010},
  publisher={APS}
}

@article{Resta2000,
  title={Berry's phase and geometric quantum distance: macroscopic polarization and electron localization},
  author={Resta, Raffaele},
  journal={Lecture Notes for the Troisieme Cycle de la Physique en Suisse Romande},
  year={2000}
}

@article{Thouless1982,
  title={Quantized Hall conductance in a two-dimensional periodic potential},
  author={Thouless, David J and Kohmoto, Mahito and Nightingale, M Peter and den Nijs, Marcel},
  journal={Physical Review Letters},
  volume={49},
  number={6},
  pages={405},
  year={1982},
  publisher={APS}
}

@article{Hasan2010,
  title={Colloquium: topological insulators},
  author={Hasan, Mohammad Z and Kane, Charles L},
  journal={Reviews of Modern Physics},
  volume={82},
  number={4},
  pages={3045},
  year={2010},
  publisher={APS}
}

@article{Zak1989,
  title={Berry's phase for energy bands in solids},
  author={Zak, Joshua},
  journal={Physical Review Letters},
  volume={62},
  number={23},
  pages={2747},
  year={1989},
  publisher={APS}
}

@article{Wilczek1989,
  title={Geometric phases in physics},
  author={Wilczek, Frank and Shapere, Alfred},
  journal={Advanced Series in Mathematical Physics},
  volume={5},
  year={1989},
  publisher={World Scientific}
}

@book{Vanderbilt2018,
  title={Berry phases in electronic structure theory: electric polarization, orbital magnetization and topological insulators},
  author={Vanderbilt, David},
  year={2018},
  publisher={Cambridge University Press}
}

@article{Resta2011,
  title={The insulating state of matter: a geometrical theory},
  author={Resta, Raffaele},
  journal={The European Physical Journal B},
  volume={79},
  number={2},
  pages={121--137},
  year={2011},
  publisher={Springer}
}

@book{Nakahara1989,
  title={Geometry, Topology and Physics},
  author={Nakahara, Mikio},
  year={1989},
  publisher={Institute of Physics Publishing},
  address={Bristol and Philadelphia}
}
